%%%%%%%%%%%%%%%%%%%%%%%%%%%%%%%%%%%%%%%%%%%%%%%%%%%%%%%%%%%%%%%%%%%%%%%%%%%%%%%%
% BIBLIOGRAFÍA                                                                 %
%                                                                              %
% Objetivo: Recopilar las referencias a información utilizadas y/o algunas     %
%           otras que puedan resultar interesantes                             %
%%%%%%%%%%%%%%%%%%%%%%%%%%%%%%%%%%%%%%%%%%%%%%%%%%%%%%%%%%%%%%%%%%%%%%%%%%%%%%%%

@book{malamud1990analyzing,
  title={Analyzing Novell Networks},
  author={Malamud, C.},
  isbn={9780442003647},
  lccn={lc90012495},
  series={VNR computer library},
  year={1990},
  publisher={Van Nostrand Reinhold},
  page={314}
}

@online{digatic,
  author = {{Colexio e Asociación de Enxeñeiros de Telecomunicación de Galicia}},
  title = {{suma de verificación | Dicionario Galego das TIC}},
  url = {http://www.digatic.org/es/node/4586},
  urldate = {2024-05-10}
}

@software{openapi,
	author = {{Swagger}},
	title = {{OpenAPI}},
	url = {https://www.openapis.org/},
	urldate = {2024-05-10}
}

@software{postgres,
	author = {{The PostgreSQL Global Development Group}},
	title = {{PostgreSQL}},
	url = {https://www.postgresql.org/about/},
	urldate = {2024-06-16}
}

@misc{rfc7231,
    series =    {Request for Comments},
    number =    7231,
    howpublished =  {RFC 7231},
    publisher = {RFC Editor},
    doi =       {10.17487/RFC7231},
    url =       {https://www.rfc-editor.org/info/rfc7231},
    author =    {Roy T. Fielding and Julian Reschke},
    title =     {{Hypertext Transfer Protocol (HTTP/1.1): Semantics and Content}},
    pagetotal = 101,
    year =      2014,
    month =     jun,
    abstract =  {The Hypertext Transfer Protocol (HTTP) is a stateless \textbackslash{}\%application- level protocol for distributed, collaborative, hypertext information systems. This document defines the semantics of HTTP/1.1 messages, as expressed by request methods, request header fields, response status codes, and response header fields, along with the payload of messages (metadata and body content) and mechanisms for content negotiation.},
}

@misc{rfc9112,
	series =    {Request for Comments},
	number =    9112,
	howpublished =  {RFC 9112},
	publisher = {RFC Editor},
	doi =       {10.17487/RFC9112},
	url =       {https://www.rfc-editor.org/info/rfc9112},
	author =    {Roy T. Fielding and Mark Nottingham and Julian Reschke},
	title =     {{HTTP/1.1}},
	pagetotal = 46,
	year =      2022,
	month =     jun,
	abstract =  {The Hypertext Transfer Protocol (HTTP) is a stateless application-level protocol for distributed, collaborative, hypertext information systems. This document specifies the HTTP/1.1 message syntax, message parsing, connection management, and related security concerns. This document obsoletes portions of RFC 7230.},
}

@online{springsecarch,
  author = {{Spring}},
  title = {{Architecture :: Spring Security}},
  url = {https://docs.spring.io/spring-security/reference/servlet/architecture.html#servlet-securityfilterchain},
  urldate = {2024-05-14}
}

@online{dockernetwork,
	author = {Marcos Morelli},
	title = {{network mode "custom\_network" not supported by buildkit}},
	url = {https://github.com/docker/buildx/issues/175},
	urldate = {2019-10-23},
	issue = 175,
	journaltitle = {{docker/buildx}},
	editor = {{GitHub}}
}

@article{nyt,
	author  = {Brent Bowers},
	date    = {2008-03-13},
	title   = {It's Easy, and Expensive, to Forget About Old Equipment},
	journal = {The New York Times},
	url     = {https://www.nytimes.com/2008/03/13/business/smallbusiness/13hunt.html},
	urldate = {2024-06-01}
}

@article{forbes,
	author  = {Natalie Cusson and Kelly Main},
	date    = {2024-03-19},
	title   = {8 Best IT Asset Management Software (2024)},
	journal = {Forbes},
	url     = {https://www.forbes.com/advisor/business/software/best-it-asset-management-software/},
	urldate = {2024-06-01}
}

@book{scrum,
	title={The Scrum Guide},
	author={Ken Schwaber and Jeff Sutherland},
	year={2020},
	url={https://scrumguides.org/docs/scrumguide/v2020/2020-Scrum-Guide-US.pdf},
}

@article{chaosmanifesto,
	title={{The Chaos Manifesto}},
	author={{The Standish Group}},
	year={2013},
	url={https://www.standishgroup.com/sample_research_files/CM2013.pdf},
	page=18
}

@article{ccii,
	title={Estudio nacional sobre la situación laboral de los profesionales del sector de Tecnologías de la Información},
	author={{Consejo General de Colegios Profesionales de Ingeniería Informática}},
	year=2015,
	url={https://www.ccii.es/images/ccii/documentos/Informe_Situacion_Laboral_TI_CCII.pdf},
	page=28
}

@article{confidencial,
	title={El mito de la falta de informáticos en {España}: la universidad deja fuera a 20.000 alumnos},
	author={C. Otto},
	year=2021,
	journal={El Confidencial},
	url={https://www.elconfidencial.com/tecnologia/2021-05-31/mito-falta-talento-informatica-empleo-tecnologico_3097099/}
}

@article{ine,
	title={Encuesta Anual de Estructura Salarial},
	author={{Instituto Nacional de Estadística}},
	year=2021,
	url={https://www.ine.es/prensa/ees_2021.pdf},
	page=4
}

@online{intellij,
	title={{Features - IntelliJ IDEA}},
	author={{JetBrains}},
	urldate={2024-06-16},
	url={https://www.jetbrains.com/idea/features/}
}

@article{rest,
	title={Architectural Styles and the Design of Network-based Software Architectures},
	series={Doctoral dissertation},
	author={Roy Thomas Fielding},
	publisher={University of California, Irvine},
	year=2000
}

@online{jpaquery,
	url = {https://docs.spring.io/spring-data/jpa/reference/jpa/query-methods.html},
	urldate = {2024-06-17},
	author = {{Spring}},
	title = {{JPA Query Methods :: Spring Data JPA}}
}

@online{jakartafilter,
	url = {https://blog.payara.fish/intercepting-rest-requests-with-jakarta-rest-request-filters},
	urldate = {2024-06-17},
	author = {Luqman Saeed},
	title = {Intercepting {REST} Requests With {Jakarta} {REST} Request Filters}
}

@techreport{iso8601,
  author      = {{AENOR}},
  title       = {{UNE-EN 28601:1995}},
  institution = {{ISO}},
  year        = 1995,
  address     = {\href{https://plataforma-aenormas-aenor-com.accedys.udc.es/standard/UNE/N0011162}{AENORmás}},
  month       = 12,
  note        = "Elementos de datos y formatos de intercambio. Intercambio de información. Representación de la fecha y de la hora. (ISO 8601, 1ª Edición 1988 y Erratum 1:1991)."
}

@online{antlr118,
	author = {Sam Harwell},
	title = {No viable alternative can be incorrectly thrown for start rules without explicit {EOF}},
	url = {https://github.com/antlr/antlr4/issues/118},
	urldate = {2013-01-02},
	issue = 118,
	journaltitle = {{antlr/antlr4}},
	editor = {{GitHub}}
}

@software{antlr,
	author = {Terence Parr},
	title = {{ANTLR}},
	url = {https://www.antlr.org/},
	urldate = {2024-08-29}
}

@software{javacc,
	author = "Sreeni Viswanadha and Sriram Sankar",
	title = {{JavaCC}},
	url = {https://javacc.github.io/javacc/},
	urldate = {2024-06-16}
}

@online{visitor,
	url = {https://tomassetti.me/listeners-and-visitors/},
	urldate = {2024-08-29},
	author = {Gabriele Tomassetti},
	title = {{Listeners} and {Visitors} - {Strumenta}}
}

@book{teoria_automatas,
	author = {Dean Kelley},
	address = {Madrid},
	edition = {1ª ed., 1ª reimp.},
	isbn = {0-13-518705-2},
	keywords = {Autómatas},
	language = {spa},
	publisher = {Prentice hall},
	title = {Teoría de autómatas y lenguajes formales},
	year = {1995},
}

@online{jsondate,
	author = {Max Bethibande},
	title = {{oneOf}/{anyOf} {validateJsonElement} cannot find symbol},
	url = {https://github.com/OpenAPITools/openapi-generator/issues/18547},
	urldate = {2024-05-01},
	issue = 18547,
	journaltitle = {{OpenAPITools/openapi-generator}},
	editor = {{GitHub}}
}

@online{herdanza,
	author = {baeldung and José Carlos Valero Sánchez},
	title = {Hibernate Inheritance Mapping},
	url = {https://www.baeldung.com/hibernate-inheritance},
	urldate = {2024-05-11}
}